@string{vuw= "Victoria University of Wellington"}

% ------ Publishers -------

@string{acm= "{ACM}"}
@string{acmp="{ACM Press}"}

@string{mitai = "M.I.T. A~I~Laboratory"}
@string{mitp = "M.I.T.~Press"}
@string{decsrc = "{DEC}	{S}ystems {R}esearch {C}entre"}

@string{ph= "Prentice-Hall"}
@string{aw= "Addison-Wesley"}
@string{sv= "Springer-Verlag"}
@string{lncs= "LNCS"}
@string{dimacs= "DIMACS"}
@string{isics= "International Series in Computer Science"}

% ------ Journals -------

@string{ieeecptr = "{IEEE} Computer"}
@string{ieees= "{IEEE} Software"}
@string{ieeesw = "{IEEE} Software"}
@string{tse = "{IEEE}~TSE"}
@string{cga = "{IEEE} Computer Graphics"}
@string{ieeecsp = "{IEEE}"}

@string{acs= "{ACM}~Computing Surveys"}
@string{compsurv = "{ACM}~Computing Surveys"}
@string{cacm= "CACM"}
@string{csr="CSR"}
@string{jacm= "JACM"}
@string{jfp= "JFP"}
@string{jsc= "JSC"}
@string{jsa="JSA"}
@string{jucs="JUCS"}
@string{jlap="JLAP"}
@string{jhci="HCI"}
@string{sigplan = "{ACM} SIGPLAN Notices"}
@string{sen = "{ACM} Software Engineering Notes"}
@string{toplas = "{ACM} TOPLAS"}
@string{tosem = "{ACM} TOSEM"}
@string{siggraph = "{ACM} Computer Graphics"}
@string{tog = "{ACM} Transactions on Graphics"}
@string{tois = "{ACM} Transactions on Information Systems"}
@string{tochi = "{ACM} Transactions on Computer-Human Interaction"}
@string{tops = "Theory And Practice of Object Systems"}
@string{scp = "SCP"}
@string{trets = "{ACM} TRETS"}
@string{tecs = "{ACM} TECS"}

@string{entcs = "ENTCS"}
@string{tams = "Transactions of the AMS"}

@string{ibmrj = "IBM Journal of Research and Development"}
@string{ibmjrd = "IBM Journal of Research and Development"}
@string{ibmsysj = "IBM Systems Journal"}

@string{spe = "SPE"}
@string{joos = "Journal of Object Oriented Systems"}
@string{joop = "Journal of Object-Oriented Programming"}
@string{jot = "JOT"}
@string{jar = "Journal of Automated Reasoning"}

@string{ipl = "IPL"}
@string{tcs = "TCS"}
@string{sttt = "STTT"}
@string{jvlc = "JVLC"}

% ----- Conferences ------

@string{apsys="Proc. APSYS"}
@string{acl2="Proc. ACL2"}
@string{tap="Proc. TAP"}
@string{tfp="Proc. TFP"}
@string{padl="Proc. PADL"}
@string{fase="Proc. FASE"}
@string{ase="Proc. ASE"}
@string{ifm="Proc. IFM"}
@string{cpc="Proc. CPC"}
@string{seus="Proc. SEUS"}
@string{lpar = "Proc. LPAR"}
@string{vstte = "Proc. VSTTE"}
@string{aplas = "Proc. APLAS"}
@string{icalp = "Proc. ICALP"}
@string{lics = "Proc. LICS"}
@string{fse = "Proc. ESEC/FSE"}
@string{oopsla = "Proc. OOPSLA"}
@string{oopsla_c="Proc. OOPSLA (Companion)"}
@string{cassis = "Proc. CASSIS"}
@string{onward = "Proc. Onward!"}
@string{dls = "Proc. DLS"}
@string{ecoop = "Proc. ECOOP"}
@string{cc = "Proc. CC"}
@string{tacas = "Proc. TACAS"}
@string{tase="Proc. TASE"}
@string{sac = "Proc. SAC"}
@string{esop = "Proc. ESOP"}
@string{pldi = "Proc. PLDI"}
@string{popl = "Proc. POPL"}
@string{lfp = "Proc. LFP"}
@string{pppj = "Proc. PPPJ"}
@string{sas = "Proc. SAS"}
@string{cav = "Proc. CAV"}
@string{cade = "Proc. CADE"}
@string{sat = "Proc. SAT"}
@string{dac = "Proc. DAC"}
@string{hopl = "Proc. HOPL"}
@string{vmcai = "Proc. VMCAI"}
@string{isola = "Proc. ISoLA"}
@string{issta = "Proc. ISSTA"}
@string{icsm = "Proc. ICSM"}
@string{icsme = "Proc. ICSME"}
@string{icfp = "Proc. ICFP"}
@string{icfem = "Proc. ICFEM"}
@string{icse = "Proc. ICSE"}
@string{fm = "Proc. FM"}
@string{fmoods = "Proc. FMOODS"}
@string{fme = "Proc. FME"}
@string{stoc = "Proc. STOC"}
@string{sle = "Proc. SLE"}
@string{sefm = "Proc. SEFM"}
@string{fmco = "Proc. FMCO"}
@string{vstte = "Proc. VSTTE"}
@string{micai = "Proc. MICAI"}
@string{europar = "Proc. Euro-Par"}
@string{rta = "Proc. RTA"}
@string{amast = "Proc. AMAST"}
@string{ammse="Proc. AMMSE"}
@string{icgt="Proc. ICGT"}
@string{pact = "Proc. Pact"}
@string{sigcse = "Proc. SIGCSE"}
@string{tphol = "Proc. TPHOL"}
@string{acsc = "Proc. ACSC"}
@string{nfm = "Proc. NFM"}
@string{ppdp = "Proc. PPDP"}
@string{fccm = "Proc. FCCM"}
@string{fpga = "Proc. FPGA"}
@string{fpl = "Proc. FPL"}

% ----- Workshops ------

@string{paste = "Proc. PASTE"}
@string{ftfjp = "Proc. FTfJP"}
@string{tldi = "Proc. TLDI"}
@string{pepm = "Proc. PEPM"}
@string{ftscs = "Proc. FTSCS"}
@string{scam = "Proc. SCAM"}
@string{f_ide = "Proc. F-IDE"}
